<collection xmlns="http://www.loc.gov/MARC21/slim">
<record>
  <leader>00630nam0a22001811i 450 </leader>
  <controlfield tag="001">IT\ICCU\CNCE\080438</controlfield>
  <controlfield tag="005">20201016000000.0</controlfield>
  <datafield tag="100" ind1=" " ind2=" ">
    <subfield code="a">20201007d1518        0itac0103    ba</subfield>
  </datafield>
  <datafield tag="101" ind1=" " ind2=" ">
    <subfield code="a">ITA</subfield>
  </datafield>
  <datafield tag="102" ind1=" " ind2=" ">
    <subfield code="a">IT</subfield>
  </datafield>
  <datafield tag="200" ind1="1" ind2=" ">
    <subfield code="a">℗La ℗hystoria di Florindo &amp; Chiarastella</subfield>
  </datafield>
  <datafield tag="210" ind1=" " ind2=" ">
    <subfield code="e">\Firenze!</subfield>
    <subfield code="g">maestro Francesco di Giouanni Benuenuto</subfield>
    <subfield code="h">adi VIII di genaio 1518</subfield>
  </datafield>
  <datafield tag="215" ind1=" " ind2=" ">
    <subfield code="a">\6! c.</subfield>
    <subfield code="c">ill.</subfield>
    <subfield code="d">4ʻ</subfield>
  </datafield>
  <datafield tag="500" ind1="1" ind2="1">
    <subfield code="3">IT\ICCU\CNCE\019276</subfield>
    <subfield code="a">Florindo e Chiarastella</subfield>
  </datafield>
  <datafield tag="620" ind1=" " ind2=" ">
    <subfield code="a">IT</subfield>
    <subfield code="d">Firenze</subfield>
  </datafield>
  <datafield tag="712" ind1="0" ind2="0">
    <subfield code="a">Benvenuto, Francesco</subfield>
    <subfield code="3">IT\ICCU\CNCT\000648</subfield>
    <subfield code="4">650</subfield>
  </datafield>
  <datafield tag="791" ind1="0" ind2="0">
    <subfield code="a">Benvenuti, Francesco</subfield>
    <subfield code="3">IT\ICCU\CNCT\004339</subfield>
    <subfield code="z">Benvenuto, Francesco</subfield>
  </datafield>
  <datafield tag="801" ind1=" " ind2="3">
    <subfield code="a">IT</subfield>
    <subfield code="b">ICCU</subfield>
    <subfield code="c">20201115</subfield>
  </datafield>
</record>
</collection>
